%% The canonical Okapi TREC Citation
@inproceedings{rwj+94-trec,
    author =       {S. E. Robertson and S. Walker and S. Jones and
                    M. Hancock-Beaulieu and M. Gatford},
    title =        {Okapi at {TREC}-3.},
    booktitle =    {Proc. TREC-3},
    year =         {1994},
    annote =       {The canonical Okapi TREC citation.},
}
